@article{altschul1986optimal,
  title={Optimal sequence alignment using affine gap costs},
  author={Altschul, Stephen F and Erickson, Bruce W},
  journal={Bulletin of mathematical biology},
  volume={48},
  number={5-6},
  pages={603--616},
  year={1986},
  publisher={Springer}
}

@article{Altschul90,
	title={Basic local alignment search tool},
	author={Altschul, Stephen F and Gish, Warren and Miller, Webb and Myers, Eugene W and Lipman, David J},
	journal={Journal of molecular biology},
	volume={215},
	number={3},
	pages={403--410},
	year={1990},
	publisher={Elsevier}
}

@article{burge1998modeling,
  title={Modeling dependencies in pre-mRNA splicing signals},
  author={Burge, ChristopherB},
  journal={New Comprehensive Biochemistry},
  volume={32},
  pages={129--164},
  year={1998},
  publisher={Elsevier}
}

@inproceedings{Dayhoff1978model,
  title={A model of evolutionary change in proteins},
  author={Dayhoff, Margaret O and Schwartz, Robert M},
  booktitle={In Atlas of protein sequence and structure},
  year={1978},
  organization={Citeseer}
}

@article{gotoh1982improved,
  title={An improved algorithm for matching biological sequences},
  author={Gotoh, Osamu},
  journal={Journal of molecular biology},
  volume={162},
  number={3},
  pages={705--708},
  year={1982},
  publisher={Elsevier}
}

@book{gumbel1954statistical,
  title={Statistical theory of extreme values and some practical applications: a series of lectures},
  author={Gumbel, Emil Julius and Lieblein, Julius},
  volume={33},
  year={1954},
  publisher={US Government Printing Office Washington}
}

@inproceedings{grishman1996message,
  title={Message Understanding Conference-6: A Brief History.},
  author={Grishman, Ralph and Sundheim, Beth},
  booktitle={COLING},
  volume={96},
  pages={466--471},
  year={1996}
}

@article{Lipman85,
  title={Rapid and sensitive protein similarity searches},
  author={Lipman, David J and Pearson, William R},
  journal={Science},
  volume={227},
  number={4693},
  pages={1435--1441},
  year={1985},
  publisher={American Association for the Advancement of Science}
}

@book{manning1999foundations,
  title={Foundations of statistical natural language processing},
  author={Manning, Christopher D and Sch{\"u}tze, Hinrich},
  year={1999},
  publisher={MIT press}
}

@article{meyer1990morphological,
  title={Morphological segmentation},
  author={Meyer, Fernand and Beucher, Serge},
  journal={Journal of visual communication and image representation},
  volume={1},
  number={1},
  pages={21--46},
  year={1990},
  publisher={Elsevier}
}

@book{mount2001bioinformatics,
  title={Bioinformatics: sequence and genome analysis},
  author={Mount, David W and Mount, David W},
  volume={2},
  year={2001},
  publisher={Cold spring harbor laboratory press New York:}
}

@article{nadeau2007survey,
  title={A survey of named entity recognition and classification},
  author={Nadeau, David and Sekine, Satoshi},
  journal={Lingvisticae Investigationes},
  volume={30},
  number={1},
  pages={3--26},
  year={2007},
  publisher={John Benjamins publishing company}
}

@article{needleman1970general,
  title={A general method applicable to the search for similarities in the amino acid sequence of two proteins},
  author={Needleman, Saul B and Wunsch, Christian D},
  journal={Journal of molecular biology},
  volume={48},
  number={3},
  pages={443--453},
  year={1970},
  publisher={Elsevier}
}

@article{PearsonLipman88,
  title={Improved tools for biological sequence comparison},
  author={Pearson, William R and Lipman, David J},
  journal={Proceedings of the National Academy of Sciences},
  volume={85},
  number={8},
  pages={2444--2448},
  year={1988},
  publisher={National Acad Sciences}
}

@article{Pearson19905,
  title={[5] Rapid and sensitive sequence comparison with FASTP and FASTA},
  author={Pearson, William R},
  journal={Methods in enzymology},
  volume={183},
  pages={63--98},
  year={1990},
  publisher={Elsevier}
}

@article{rabiner1993fundamentals,
  title={Fundamentals of speech recognition},
  author={Rabiner, Lawrence and Juang, Biing-Hwang},
  year={1993},
  publisher={Prentice hall}
}

@article{salzberg1998microbial,
  title={Microbial gene identification using interpolated Markov models},
  author={Salzberg, Steven L and Delcher, Arthur L and Kasif, Simon and White, Owen},
  journal={Nucleic acids research},
  volume={26},
  number={2},
  pages={544--548},
  year={1998},
  publisher={Oxford Univ Press}
}

@article{smith1981identification,
  title={Identification of common molecular subsequences},
  author={Smith, Temple F and Waterman, Michael S},
  journal={Journal of molecular biology},
  volume={147},
  number={1},
  pages={195--197},
  year={1981},
  publisher={Elsevier}
}

@article{sutton2006introduction,
  title={An introduction to conditional random fields for relational learning},
  author={Sutton, Charles and McCallum, Andrew},
  journal={Introduction to statistical relational learning},
  pages={93--128},
  year={2006},
  publisher={MIT press}
}

@article{Uniprot2011,
  title={Ongoing and future developments at the Universal Protein Resource},
  author={UniProt Consortium and others},
  journal={Nucleic acids research},
  volume={39},
  number={suppl 1},
  pages={D214--D219},
  year={2011},
  publisher={Oxford Univ Press}
}

@online{UniprotOnline,
  author = {The UniProt Consortium},
  title = {UniProt Citation Mapping},
  year = 2015,
  url = {http://www.uniprot.org/citationmapping/},
  urldate = {2015-07-28}
}